@misc{SelfieCNN,
  author = {Andrej Karpathy},
  title = {{What a Deep Neural Network thinks about your \#selfie}},
  howpublished={\url{http://karpathy.github.io/2015/10/25/selfie/}, 2015-10-25 [dostęp: 2016-12-15]}
}

@misc{SuperResolution,
  author = {David Garcia},
  title = {{Image Super Resolution}},
  howpublished={\url{https://github.com/david-gpu/srez}, 2016-10-18 [dostęp: 2016-12-15]}
}

@article{DBLP:journals/corr/RadfordMC15,
  author    = {{Alec Radford, Luke Metz, Soumith Chintala}},
  title     = {{Unsupervised Representation Learning with Deep Convolutional Generative
  Adversarial Networks}},
  volume    = {CoRR, abs/1511.06434},
  year      = {2015},
  url       = {http://arxiv.org/abs/1511.06434},
  timestamp = {Tue, 01 Dec 2015 19:22:34 +0100},
  biburl    = {http://dblp.uni-trier.de/rec/bib/journals/corr/RadfordMC15},
  bibsource = {dblp computer science bibliography, http://dblp.org}
}

@misc{AlphaGO,
  author = {Google Deep Mind},
  title = {{AlphaGO}},
  howpublished={\url{https://deepmind.com/research/alphago/}}
}

@misc{FanHuiGO,
  author = {Google Deep Mind},
  title = {{In a Huge Breakthrough, Google’s AI Beats a Top Player at the Game of Go}},
  publisher = {Wired},
  howpublished={\url{https://goo.gl/7Vq0kh}}
}

@misc{LeeSedolGO,
  author = {Google Deep Mind},
  title = {{Google achieves AI 'breakthrough' by beating Go champion}},
  publisher = {BBC News},
  howpublished={\url{http://www.bbc.com/news/technology-35420579}}
}

@article{checkersSolved,
  author    = {{Jonathan Schaeffer, Neil Burch, Yngvi Björnsson, Akihiro Kishimoto, Martin Müller, Robert Lake, Paul Lu, Steve Sutphen}},
  title     = {Checkers Is Solved},
  volume    = {vol.~317 no.~5844 1518-1522},
  publisher = {American Association for the Advancement of Science},
  journal   = {Science},
  year      = {2007},
  month     = {Lipiec},
  day       = {6},
  url		= {http://science.sciencemag.org/content/317/5844/1518}
}

@misc{feed-forward-net-source,
  author = {{Hugo Larochelle}},
  title  = {{Neural networks [7.1] : Deep learning - motivation}},
  publisher = {{YouTube}},
  year = {2013},
  month = {Listopad},
  day = {15},
  howpublished = {\url{https://www.youtube.com/watch?v=vXMpKYRhpmI}}
}

@misc{cifar10and100,
  author = {{Alex Krizhevsky, Vinod Nair, Geoffrey Hinton}},
  title = {{Cifar-10 and Cifar-100 Datasets}},
  publisher = {University of Toronto},
  howpublished={\url{https://www.cs.toronto.edu/~kriz/cifar.html}}
}

@misc{imagenet,
  title = {{Image Net}},
  howpublished = {\url{http://www.image-net.org/}}
}

@Book{newborn1997kasparov,
  author = {Newborn, Monroe},
  title = {Kasparov versus Deep Blue : computer chess comes of age},
  publisher = {Springer},
  year = {1997},
  address = {Nowy Jork},
  isbn = {0387948201}
}